@misc{tabuco-2023,
	author = {Tabuco, Jocelyn},
	month = {September},
	title = {{The Philippine Sugar Industry: A Comprehensive Overview}},
	year = {2023},
	url = {https://goodforcetrading.com/the-philippine-sugar-industry-a-comprehensive-overview/},
}
@misc{balita-2024A,
	author = {Balita, Christy},
	month = {September},
	title = {{Production volume of sugarcane Philippines 2012-2023}},
	year = {2024},
	url = {https://www.statista.com/statistics/751575/philippines-sugarcane-production/#:~:text=Western%20Visayas%20as%20the%20leading,sugar%20production%20%E2%80%93%20the%20highest%20nationwide.},
}
@article{amarra-2024,
	author = {Amarra, Maria Sofia and De Los Reyes, Francisco},
	journal = {Deleted Journal},
	month = {March},
	number = {1},
	pages = {2060},
	title = {{Assessment of the intake and sources of total sugar among Filipino children and adolescents based on national consumption data}},
	volume = {2},
	year = {2024},
	doi = {10.36922/ghes.2060},
	url = {https://doi.org/10.36922/ghes.2060},
}
@article{santra-2023,
	author = {Santra, Ritu},
	month = {May},
	title = {{Stationarity in Time Series - Ritu Santra - Medium}},
	year = {2023},
	url = {https://medium.com/@ritusantra/stationarity-in-time-series-887eb42f62a9#:~:text=Stationary%20vs%20non%2DStationary%20Time%20Series,reliable%20than%20non%2Dstationary%20data.},
}
@misc{verma-2024,
	author = {Verma, Yugesh},
	month = {August},
	title = {{Dickey Fuller Test in Time series analysis}},
	year = {2024},
	url = {https://analyticsindiamag.com/topics/dickey-fuller-test-in-time-series-analysis/},
}
@misc{geeksforgeeks-2024,
	author = {GeeksforGeeks},
	month = {June},
	title = {{What is an ARIMAX model?}},
	year = {2024},
	url = {https://www.geeksforgeeks.org/what-is-an-arimax-model/},
}
@misc{balita-2024B,
	author = {Balita, Christy},
	month = {July},
	title = {{Refined sugar import volume Philippines MY 2020/21-MY 2022/23}},
	year = {2024},
	url = {https://www.statista.com/statistics/1480423/philippines-refined-sugar-import-volume/#:~:text=Published%20by,time%20of%20low%20production%20output},
}
@misc{vesper-2024,
	author = {Vesper},
	month = {December},
	title = {{Understanding the sugar price indices and its global impact}},
	year = {2024},
	url = {https://vespertool.com/knowledge-hub/sugar/types-of-data/price-index/#:~:text=Weather%2Drelated%20disruptions%2C%20such%20as,and%2C%20consequently%2C%20sugar%20prices},
}
@misc{balita-2024C,
	author = {Balita, Christy},
	month = {July},
	title = {{Supply of refined sugar Philippines MY 2020/21- MY 2022/23, by type}},
	year = {2024},
	url = {https://www.statista.com/statistics/1477420/philippines-refined-sugar-supply/},
}
@misc{talavera-2022,
	author = {Talavera, Catherine},
	month = {June},
	title = {{Philippine sugar output continues to drop}},
	year = {2022},
	url = {https://www.philstar.com/business/2022/06/20/2189489/philippine-sugar-output-continues-drop},
}
@misc{unknown-author-no-dateA,
	title = {{SRA | Sugar Regulatory Administration}},
	url = {https://www.sra.gov.ph/historicalStatistics/index},
}
@misc{sevilla-2021,
	author = {Sevilla, Florence Mojica},
	month = {April},
	number = {RP2021-0020},
	publisher = {United States Department of Agriculture},
	title = {{Sugar Annual}},
	year = {2021},
}
@misc{unknown-author-no-dateSugarcane,
	title = {{Sugarcane â€“ Industry Strategic Science and Technology Plans (ISPs) platform}},
	url = {https://ispweb.pcaarrd.dost.gov.ph/sugarcane/},
}

@article{pushpa,
author = {PUSHPA and CHETNA and ADITI and Verma, Urmil},
year = {2022},
month = {04},
pages = {},
title = {ARIMA and ARIMAX models for sugarcane yield forecasting in Northern Agro-climatic zone of Haryana},
volume = {24},
journal = {Journal of Agrometeorology},
doi = {10.54386/jam.v24i2.1086}
}

@article{gopinath-2019,
	author = {Gopinath, M and Kavithamani, M},
	journal = {International Journal of Innovative Technology and Exploring Engineering (IJITEE)},
	month = {October},
	number = {12S},
	title = {{Production of Sugarcane Forecasting using ARIMAX Model}},
	volume = {8},
	year = {2019},
}

@article{SelectedCommodities,
author = {Ramos, K and Ativo, I.J},
year = {2023},
month = {01},
pages = {1983-1993},
title = {Forecasting Monthly Prices of Selected Agricultural Commodities in The Philippines Using ARIMA Model},
volume = {04},
journal = {International Journal of Research Publication and Reviews},
doi = {10.55248/gengpi.2023.4157}
}

@misc{Onion,
  author       = {Jeffhraim Balilla and Bondoc Mariz and Castro Anne and Ebrada Althea and Padua Annalene},
  year         = {2023},
  month        = {May},
  title        = {A 6-Year Forecast of Egg, Rice, and Onion Retail Prices in the Philippines: An Application of ARIMA and SARIMA Models},
}

@article{Palay,
  author       = {Kevin Caldemon Handa and Michelle Malapit Mila and Jane Atilano Sabalberino and Aubrey},
  year         = {2023},
  month        = {March},
  title        = {Forecasting Value of Production of Palay and Retail Price of Rice in the Philippines Using ARIMA Modelling},
  journal      = {World Journal of Advanced Research and Reviews},
  volume       = {17},
  pages        = {035--054},
  doi          = {10.30574/wjarr.2023.17.3.0345}
}


@article{CookingOil,
author = {Ilmani, Erdanisa and Amatullah, Fida and Notodiputro, Khairil and Angraini, Yenni and Mualifah, Laily},
year = {2025},
month = {04},
pages = {819-828},
title = {THE PERFOMANCE OF THE ARIMAX MODEL ON COOKING OIL PRICE DATA IN INDONESIA},
volume = {19},
journal = {BAREKENG: Jurnal Ilmu Matematika dan Terapan},
doi = {10.30598/barekengvol19iss2pp819-828}
}

@article{ADF,
  title={Distribution of the estimators for autoregressive time series with a unit root},
  author={Dickey, David A. and Fuller, Wayne A.},
  journal={Journal of the American Statistical Association},
  volume={74},
  number={366a},
  pages={427--431},
  year={1979},
  publisher={Taylor \& Francis},
  doi={10.2307/2286348}
}

@book{boxjenkins,
  title={Time Series Analysis: Forecasting and Control},
  author={Box, George E. P. and Jenkins, Gwilym M. and Reinsel, Gregory C. and Ljung, Greta M.},
  edition={5th},
  year={2015},
  publisher={John Wiley \& Sons}
}

@book{acf,
  title={Forecasting: Principles and Practice},
  author={Hyndman, Rob J. and Athanasopoulos, George},
  edition={2nd},
  year={2018},
  publisher={OTexts},
  url={https://otexts.com/fpp2/}
}

@online{ljung,
  title={Ljung-Box Test: Definition + Example},
  author={Bobbitt, Zach},
  year={2020},
  month={February 14},
  url={https://www.statology.org/ljung-box-test/},
}

@online{kumar,
  title={AIC \& BIC for Selecting Regression Models: Formula, Examples},
  author={Kumar, Anurag},
  year={2023},
  month={May 28},
  url={https://vitalflux.com/aic-vs-bic-for-regression-models-formula-examples/},
}

@online{smith,
  title={Autocorrelation},
  author={Smith, Troy},
  year={2023},
  month={March 19},
  url={https://www.investopedia.com/terms/a/autocorrelation.asp},
}

@online{zajic,
  title={What Is Akaike Information Criterion (AIC)?},
  author={Zajic, Anna},
  year={2022},
  month={November 29},
  url={https://builtin.com/data-science/what-is-aic},
}
@book{vif1,
  title={An Introduction to Statistical Learning: with Applications in R},
  author={James, Gareth and Witten, Daniela and Hastie, Trevor and Tibshirani, Robert},
  year={2013},
  publisher={Springer},
  address={New York},
  isbn={9781461471370}
}

@book{vif2,
  title={Applied Linear Statistical Models},
  author={Kutner, Michael H. and Nachtsheim, Christopher J. and Neter, John and Li, William},
  edition={5th},
  year={2005},
  publisher={McGraw-Hill/Irwin},
  address={New York},
  isbn={9780071122214}
}
@book{lewis,
  title     = {Industrial and Business Forecasting Methods: A Practical Guide to Exponential Smoothing and Curve Fitting},
  author    = {Lewis, Charles Donald},
  year      = {1982},
  publisher = {Butterworths},
  address   = {London}
}
